@incollection{first-foracks,
  author     = {Zig Zog and Mish Talem},
  title      = {Leaf connectivity graph walks},
  booktitle  = {Greenleaf algorithms},
  year       = {2010},
  pages      = {96--102},
  series     = {Computer Science and Agriculture},
  editor     = {Oliver Forest},
  publisher  = {Waddison-Esley},
  volume     = {230},
}

@incollection{second-foracks,
  author     = {Big Shot and Mish Talem},
  title      = {Efficient solutions of foliage-related problems},
  booktitle  = {Greenleaf algorithms},
  year       = {2011},
  pages      = {239--254},
  series     = {Computer Science and Agriculture},
  editor     = {Loretta Baum},
  publisher  = {Waddison-Esley},
  volume     = {231},
}

@inproceedings{third-foracks,
  author     = {Jane Smith and Mish Talem},
  title      = {Dynamic lettuce programming},
  booktitle  = {Proceedings of AGRIALGO 2010},
  year       = {2012},
  location   = {Somewhere, NY, USA},
  pages      = {123--154},
  publisher  = {Springer},
  location   = {Berlin / Heidelberg},
}

